@article{esteban2017build,
	title={How to build a supervised autonomous system for robot-enhanced therapy for children with autism spectrum disorder},
	author={Esteban, Pablo G. and others},
	journal={Paladyn, Journal of Behavioral Robotics},
	volume={8},
	number={1},
	pages={18--38},
	year={2017},
	publisher={De Gruyter Open}
}

@article{senft2017supervised,
	title={Supervised autonomy for online learning in human-robot interaction},
	author={Senft, Emmanuel and Baxter, Paul and Kennedy, James and Lemaignan, S{\'e}verin and Belpaeme, Tony},
	journal={Pattern Recognition Letters},
	volume={99},
	pages={77--86},
	year={2017},
	publisher={Elsevier}
}

@article{rossi2017user,
	title={User profiling and behavioral adaptation for {HRI}: {A} survey},
	author={Rossi, Silvia and Ferland, Francois and Tapus, Adriana},
	journal={Pattern Recognition Letters},
	volume={99},
	pages={3--12},
	year={2017},
	publisher={Elsevier}
}

@article{martins2019user,
	title={User-adaptive interaction in social robots: {A} survey focusing on non-physical interaction},
	author={Martins, Gon{\c{c}}alo S and Santos, Lu{\'\i}s and Dias, Jorge},
	journal={Int. Journal of Social Robotics},
	volume={11},
	number={1},
	pages={185--205},
	year={2019},
	publisher={Springer}
}

@article{cao2019robot,
	title={Robot-enhanced therapy: {D}evelopment and validation of supervised autonomous robotic system for autism spectrum disorders therapy},
	author={Cao, Hoang-Long and others},
	journal={IEEE {R}obotics \& {A}utomation {M}agazine},
	volume={26},
	number={2},
	pages={49--58},
	year={2019},
	publisher={IEEE}
}

@phdthesis{senft2018teaching,
	title={{T}eaching {R}obots {S}ocial {A}utonomy {F}rom {I}n {S}itu {H}uman {S}upervision},
	author={Senft, Emmanuel},
	year={2018},
	school={University of Plymouth}
}

@article{feng2018control,
	title={A control architecture of robot-assisted intervention for children with autism spectrum disorders},
	author={Feng, Yongli and Jia, Qingxuan and Wei, Wei},
	journal={Journal of Robotics},
	volume={2018},
	year={2018},
	publisher={Hindawi}
}

@article{cao2018personalized,
	title={A personalized and platform-independent behavior control system for social robots in therapy: development and applications},
	author={Cao, Hoang-Long and others},
	journal={IEEE Trans. Cognitive and Developmental Systems},
	volume={11},
	number={3},
	pages={334--346},
	year={2018},
	publisher={IEEE}
}

@inproceedings{gordon2016affective,
	title={Affective personalization of a social robot tutor for children’s second language skills},
	author={Gordon, Goren and others},
	booktitle={Proc. AAAI Conf. Artificial Intelligence},
	volume={30},
	number={1},
	year={2016}
}

@inproceedings{senft2015human,
	title={Human-guided learning of social action selection for robot-assisted therapy},
	author={Senft, Emmanuel and Baxter, Paul and Belpaeme, Tony},
	booktitle={Machine Learning for Interactive Systems},
	pages={15--20},
	year={2015},
	organization={PMLR}
}

@article{jain2020modeling,
	title={Modeling engagement in long-term, in-home socially assistive robot interventions for children with autism spectrum disorders},
	author={Jain, Shomik and Thiagarajan, Balasubramanian and Shi, Zhonghao and Clabaugh, Caitlyn and Matari{\'c}, Maja J},
	journal={Science Robotics},
	volume={5},
	number={39},
	year={2020},
	publisher={Science Robotics}
}

@article{baxter2017robot,
	title={Robot education peers in a situated primary school study: {P}ersonalisation promotes child learning},
	author={Baxter, Paul and Ashurst, Emily and Read, Robin and Kennedy, James and Belpaeme, Tony},
	journal={PloS one},
	volume={12},
	number={5},
	pages={e0178126},
	year={2017},
	publisher={Public Library of Science San Francisco, CA USA}
}

@inproceedings{senft2015sparc,
	title={{Sparc: Supervised progressively autonomous robot competencies}},
	author={Senft, Emmanuel and Baxter, Paul and Kennedy, James and Belpaeme, Tony},
	booktitle={Int. Conf. Social Robotics {ICSR}},
	pages={603--612},
	year={2015},
	organization={Springer}
}

@article{rudovic2018personalized,
	title={{Personalized machine learning for robot perception of affect and engagement in autism therapy}},
	author={Rudovic, Ognjen and Lee, Jaeryoung and Dai, Miles and Schuller, Bj{\"o}rn and Picard, Rosalind W},
	journal={Science Robotics},
	volume={3},
	number={19},
	year={2018},
	publisher={Science Robotics}
}

@inproceedings{luxai2021qtrobot,
	title={{Socially assistive robots for teaching emotional abilities to children with autism spectrum disorder}},
	author={Andreia P. Costa and Georges Steffgen and Francisco J. Rodr{\'i}guez Lera and Aida Nazarikhorram and Pouyan Ziafati},
	booktitle={3rd Workshop on Child-Robot Interaction at HRI},
	year={2017}
}

@inproceedings{iacono2011,
	author={Iacono, Iolanda and Lehmann, Hagen and Marti, Patrizia and Robins, Ben and Dautenhahn, Kerstin},
	booktitle={IEEE Int. Conf. Development and Learning (ICDL)}, 
	title={{Robots as social mediators for children with Autism - A preliminary analysis comparing two different robotic platforms}}, 
	year={2011},
	volume={2},
	pages={1--6}
}

@article{rudovic2017measuring,
	title={{Measuring engagement in robot-assisted autism therapy: a cross-cultural study}},
	author={Rudovic, Ognjen and Lee, Jaeryoung and Mascarell-Maricic, Lea and Schuller, Bj{\"o}rn W and Picard, Rosalind W},
	journal={Frontiers in Robotics and AI},
	volume={4},
	pages={36},
	year={2017},
	publisher={Frontiers}
}

@article{robins2006,
	author = {Robins, Ben and Dautenhahn, Kerstin and Dubowski, Janek},
	title = {{Does appearance matter in the interaction of children with autism with a humanoid robot?}}, 
	journal= {Interaction Studies},
	year = {2006},
	volume = {7},
	number = {3},
	pages = {479--512}
}

@article{watkins1992q,
	title={{Q-learning}},
	author={Watkins, Christopher JCH and Dayan, Peter},
	journal={Machine learning},
	volume={8},
	number={3-4},
	pages={279--292},
	year={1992}
}

@article{senft2019teaching,
	title={{Teaching robots social autonomy from in situ human guidance}},
	author={Senft, Emmanuel and Lemaignan, S{\'e}verin and Baxter, Paul E and Bartlett, Madeleine and Belpaeme, Tony},
	journal={Science Robotics},
	volume={4},
	number={35},
	year={2019},
	publisher={Science Robotics}
}

@inproceedings{tsiakas2016adaptive,
	title={{Adaptive robot assisted therapy using interactive reinforcement learning}},
	author={Tsiakas, Konstantinos and Dagioglou, Maria and Karkaletsis, Vangelis and Makedon, Fillia},
	booktitle={Int. Conf. on Social Robotics},
	pages={11--21},
	year={2016},
	organization={Springer}
}

@article{scassellati2018improving,
	title={{Improving social skills in children with ASD using a long-term, in-home social robot}},
	author={Scassellati, Brian and others},
	journal={Science Robotics},
	volume={3},
	number={21},
	year={2018},
	publisher={Science Robotics}
}

@article{tsiakas2018task,
	title={{Task engagement as personalization feedback for socially-assistive robots and cognitive training}},
	author={Tsiakas, Konstantinos and Abujelala, Maher and Makedon, Fillia},
	journal={Technologies},
	volume={6},
	number={2},
	pages={49},
	year={2018},
	publisher={Multidisciplinary Digital Publishing Institute}
}

@inproceedings{martins2017bum,
	title={{Bum: Bayesian user model for distributed social robots}},
	author={Martins, Gon{\c{c}}alo S and Santos, Lu{\'\i}s and Dias, Jorge},
	booktitle={2017 26th IEEE Int. Symposium on Robot and Human Interactive Communication (RO-MAN)},
	pages={1279--1284},
	year={2017},
	organization={IEEE}
}

@article{martins2018bum,
	title={{BUM: Bayesian User Model for Distributed Learning of User Characteristics From Heterogeneous Information}},
	author={Martins, Gon{\c{c}}alo S and Santos, Lu{\'\i}s and Dias, Jorge},
	journal={IEEE Transactions on Cognitive and Developmental Systems},
	volume={11},
	number={3},
	pages={425--434},
	year={2018},
	publisher={IEEE}
}

@article{martins2019alphapomdp,
	title={{$\alpha${POMDP}: {POMDP}-based user-adaptive decision-making for social robots}},
	author={Martins, Gon{\c{c}}alo S and Al Tair, Hend and Santos, Lu{\'\i}s and Dias, Jorge},
	journal={Pattern Recognition Letters},
	volume={118},
	pages={94--103},
	year={2019},
	publisher={Elsevier}
}

@article{karami2016adaptive,
	title={{Adaptive artificial companions learning from users’ feedback}},
	author={Karami, Abir B and Sehaba, Karim and Encelle, Benoit},
	journal={Adaptive Behavior},
	volume={24},
	number={2},
	pages={69--86},
	year={2016},
	publisher={SAGE Publications Sage UK: London, England}
}

@article{javed2019robotic,
	title={{A robotic framework to facilitate sensory experiences for children with autism spectrum disorder: A preliminary study}},
	author={Javed, Hifza and Burns, Rachael and Jeon, Myounghoon and Howard, Ayanna M and Park, Chung Hyuk},
	journal={ACM Transactions on Human-Robot Interaction (THRI)},
	volume={9},
	number={1},
	pages={1--26},
	year={2019},
	publisher={ACM New York, NY, USA}
}

@article{david2018developing,
	title={{Developing joint attention for children with autism in robot-enhanced therapy}},
	author={David, Daniel O and Costescu, Cristina A and Matu, Silviu and Szentagotai, Aurora and Dobrean, Anca},
	journal={Int. Journal of Social Robotics},
	volume={10},
	number={5},
	pages={595--605},
	year={2018},
	publisher={Springer}
}

@inproceedings{robins2017developing,
	title={{Developing interaction scenarios with a humanoid robot to encourage visual perspective taking skills in children with autism--preliminary proof of concept tests}},
	author={Robins, Ben and Dautenhahn, Kerstin and Wood, Luke and Zaraki, Abolfazl},
	booktitle={Int. Conf. on Social Robotics},
	pages={147--155},
	year={2017},
	organization={Springer}
}

@inproceedings{marinoiu20183d,
	title={{3d human sensing, action and emotion recognition in robot assisted therapy of children with autism}},
	author={Marinoiu, Elisabeta and Zanfir, Mihai and Olaru, Vlad and Sminchisescu, Cristian},
	booktitle={Proc. of the IEEE Conf. on Computer Vision and Pattern Recognition},
	pages={2158--2167},
	year={2018}
}

@misc{deenigma2022,
	title = {{DE-ENIGMA} {P}layfully {E}mpowering {A}utistic {C}hildren},
	howpublished = {\url{https://de-enigma.eu/background-of-the-project/}},
	note = {Accessed: 2022-02-05}
}

@article{clabaugh2019escaping,
	title={{Escaping oz: Autonomy in socially assistive robotics}},
	author={Clabaugh, Caitlyn and Matari{\'c}, Maja},
	journal={Annual Review of Control, Robotics, and Autonomous Systems},
	volume={2},
	pages={33--61},
	year={2019},
	publisher={Annual Reviews}
}

@article{kubota2021methods,
	title={{Methods for robot behavior adaptation for cognitive neurorehabilitation}},
	author={Kubota, Alyssa and Riek, Laurel D},
	journal={Annual Review of Control, Robotics, and Autonomous Systems},
	volume={5},
	year={2021},
	publisher={Annual Reviews}
}

@article{chan2012social,
	title={{Social intelligence for a robot engaging people in cognitive training activities}},
	author={Chan, Jeanie and Nejat, Goldie},
	journal={Int. Journal of Advanced Robotic Systems},
	volume={9},
	number={4},
	pages={113},
	year={2012},
	publisher={SAGE Publications Sage UK: London, England}
}

@article{dietterich2000hierarchical,
	title={{Hierarchical reinforcement learning with the MAXQ value function decomposition}},
	author={Dietterich, Thomas G},
	journal={Journal of Artificial Intelligence Research},
	volume={13},
	pages={227--303},
	year={2000}
}

@article{nocentini2019survey,
	title={{A survey of behavioral models for social robots}},
	author={Nocentini, Olivia and others},
	journal={Robotics},
	volume={8},
	number={3},
	pages={54},
	year={2019},
	publisher={Multidisciplinary Digital Publishing Institute}
}

@article{cao2017survey,
	title={{A survey on behavior control architectures for social robots in healthcare interventions}},
	author={Cao, Hoang-Long and others},
	journal={Int. Journal of Humanoid Robotics},
	volume={14},
	number={04},
	pages={1750021},
	year={2017},
	publisher={World Scientific}
}

@inproceedings{hemminahaus2017towards,
	title={{Towards adaptive social behavior generation for assistive robots using reinforcement learning}},
	author={Hemminahaus, Jacaueline and Kopp, Stefan},
	booktitle={2017 12th ACM/IEEE Int. Conf. on Human-Robot Interaction (HRI},
	pages={332--340},
	year={2017},
	organization={IEEE}
}

@article{tsiakas2018taxonomy,
	title={{A taxonomy in robot-assisted training: current trends, needs and challenges}},
	author={Tsiakas, Konstantinos and Kyrarini, Maria and Karkaletsis, Vangelis and Makedon, Fillia and Korn, Oliver},
	journal={Technologies},
	volume={6},
	number={4},
	pages={119},
	year={2018},
	publisher={Multidisciplinary Digital Publishing Institute}
}

@article{singh1996reinforcement,
	title={{Reinforcement learning with replacing eligibility traces}},
	author={Singh, Satinder P and Sutton, Richard S},
	journal={Machine learning},
	volume={22},
	number={1},
	pages={123--158},
	year={1996},
	publisher={Springer}
}

@inproceedings{leyzberg2014personalizing,
	title={{Personalizing robot tutors to individuals’ learning differences}},
	author={Leyzberg, Daniel and Spaulding, Samuel and Scassellati, Brian},
	booktitle={2014 9th ACM/IEEE Int. Conf. on Human-Robot Interaction (HRI)},
	pages={423--430},
	year={2014},
	organization={IEEE}
}

@article{clabaugh2019long,
	title={{Long-term personalization of an in-home socially assistive robot for children with autism spectrum disorders}},
	author={Clabaugh, Caitlyn and others},
	journal={Frontiers in Robotics and AI},
	pages={110},
	year={2019},
	publisher={Frontiers}
}

@book{ortony1990cognitive, 
	place={Cambridge}, 
	title={{The Cognitive Structure of Emotions}}, 
	publisher={Cambridge University Press}, 
	author={Ortony, Andrew and Clore, Gerald L. and Collins, Allan}, 
	year={1990}
}

@inproceedings{tsiakas2016intelligent,
	title={{An intelligent interactive learning and adaptation framework for robot-based vocational training}},
	author={Tsiakas, Konstantinos and Abujelala, Maher and Lioulemes, Alexandros and Makedon, Fillia},
	booktitle={2016 IEEE Symposium Series on Computational Intelligence (SSCI)},
	pages={1--6},
	year={2016},
	organization={IEEE}
}

@inproceedings{winkle2020situ,
  title={{In-situ learning from a domain expert for real world socially assistive robot deployment}},
  author={Winkle, Katie and Lemaignan, Severin and Caleb-Solly, Praminda and Bremner, Paul and Turton, Ailie and Leonards, Ute},
  booktitle={Proceedings of Robotics: Science and Systems},
  volume={10},
  year={2020}
}

@inproceedings{luxai2017qtrobot,
	title={{Socially assistive robots for teaching emotional abilities to children with autism spectrum disorder}},
	author={Andreia P. Costa and Georges Steffgen and Francisco J. Rodr{\'i}guez Lera and Aida Nazarikhorram and Pouyan Ziafati},
	booktitle={3rd Workshop on Child-Robot Interaction at HRI},
	year={2017}
}

@inproceedings{stolarz2022personalized,
	author={Micha{\l} Stolarz and Alex Mitrevski and Mohammad Wasil and Paul G. Pl{\"o}ger},
	title={{Personalized Behaviour Models: A Survey Focusing on Autism Therapy Applications}},
	booktitle={HRI Workshop on Lifelong Learning and Personalization in Long-Term Human-Robot Interaction (LEAP-HRI)},
	year={2022},
	language={en}
}

@inproceedings{ritschel2017adapting,
	title={{Adapting a robot's linguistic style based on socially-aware reinforcement learning}},
	author={Ritschel, Hannes and Baur, Tobias and Andr{\'e}, Elisabeth},
	booktitle={2017 26th ieee international symposium on robot and human interactive communication (ro-man)},
	pages={378--384},
	year={2017},
	organization={IEEE}
}

@article{del2020you,
	title={{Are you still with me? Continuous engagement assessment from a robot's point of view}},
	author={Del Duchetto, Francesco and Baxter, Paul and Hanheide, Marc},
	journal={Frontiers in Robotics and AI},
	volume={7},
	pages={116},
	year={2020},
	publisher={Frontiers Media SA}
}

@inproceedings{karimah2021implementation,
	title={{Implementation of Long Short-Term Memory (LSTM) Models for Engagement Estimation in Online Learning}},
	author={Karimah, Shofiyati Nur and Unoki, Teruhiko and Hasegawa, Shinobu},
	booktitle={2021 IEEE International Conference on Engineering, Technology \& Education (TALE)},
	pages={283--289},
	year={2021},
	organization={IEEE}
}

@inproceedings{khorrami2014system,
	title={{A system for monitoring the engagement of remote online students using eye gaze estimation}},
	author={Khorrami, Pooya and Le, Vuong and Hart, John C and Huang, Thomas S},
	booktitle={2014 IEEE International Conference on Multimedia and Expo Workshops (ICMEW)},
	pages={1--6},
	year={2014},
	organization={IEEE}
}

@inproceedings{kaur2019domain,
	title={{Domain adaptation based topic modeling techniques for engagement estimation in the wild}},
	author={Kaur, Amanjot and Ghosh, Bishal and Singh, Naman Deep and Dhall, Abhinav},
	booktitle={2019 14th IEEE International Conference on Automatic Face \& Gesture Recognition (FG 2019)},
	pages={1--6},
	year={2019},
	organization={IEEE}
}

@inproceedings{mane2018engagement,
	title={{Engagement detection using video-based estimation of head movement}},
	author={Mane, Sudhir S and Surve, Anil R},
	booktitle={2018 3rd IEEE International Conference on Recent Trends in Electronics, Information \& Communication Technology (RTEICT)},
	pages={1745--1749},
	year={2018},
	organization={IEEE}
}

@inproceedings{baltrusaitis2018openface,
	author = {Baltrusaitis, T. and Zadeh, A. and Lim, Y. C. and Morency, L.},
	title = {{Openface 2.0: Facial Behavior Analysis Toolkit}},
	booktitle = {13th IEEE Int. Conf. Automatic Face \& Gesture recognition},
	pages = {59--66},
	year = {2018}
}

@inproceedings{torrey2013teaching,
	title={{Teaching on a budget: Agents advising agents in reinforcement learning}},
	author={Torrey, Lisa and Taylor, Matthew},
	booktitle={Proceedings of the 2013 international conference on Autonomous agents and multi-agent systems},
	pages={1053--1060},
	year={2013}
}

@inproceedings{knox2012reinforcement,
	title={{Reinforcement learning from simultaneous human and MDP reward.}},
	author={Knox, W Bradley and Stone, Peter},
	booktitle={AAMAS},
	pages={475--482},
	year={2012}
}

@inproceedings{knox2010combining,
	title={{Combining manual feedback with subsequent MDP reward signals for reinforcement learning}},
	author={Knox, W Bradley and Stone, Peter},
	booktitle={Proceedings of the 9th International Conference on Autonomous Agents and Multiagent Systems: volume 1-Volume 1},
	pages={5--12},
	year={2010},
	organization={Citeseer}
}

@inproceedings{knox2009interactively,
	title={{Interactively shaping agents via human reinforcement: The TAMER framework}},
	author={Knox, W Bradley and Stone, Peter},
	booktitle={Proceedings of the fifth international conference on Knowledge capture},
	pages={9--16},
	year={2009}
}

@book{gp_book,
	title = {{Gaussian Processes for Machine Learning}},
	author = {Rasmussen, C. E. and Williams, C. K. I.},
	year = {2006},
	publisher = {The MIT Press}
}

@inproceedings{stolarz2021personalised,
	author={Micha{\l} Stolarz and Alex Mitrevski and Mohammad Wasil and Paul G. Pl{\"o}ger},
	title={{Personalised Behaviour Model for Autism Therapy}},
	booktitle={ICRS Workshop on Social AI for Human-Robot Interaction of Human-Care Robots},
	year={2021},
	language={en}
}

@inproceedings{stolarz2022personalisedrobot,
	author={Micha{\l} Stolarz and Alex Mitrevski and Mohammad Wasil and Paul G. Pl{\"o}ger},
	title={{Personalised Robot Behaviour Modelling for Robot-Assisted Therapy in the Context of Autism Spectrum Disorder}},
	booktitle={RO-MAN Workshop on Behavior Adaptation and Learning for Assistive Robotics},
	year={2022},
	language={en}
}

@article{scikit2022webpage,
	title={{Scikit-learn: {M}achine Learning in {P}ython}},
	author={Pedregosa, F. and Varoquaux, G. and Gramfort, A. and Michel, V.
	and Thirion, B. and Grisel, O. and Blondel, M. and Prettenhofer, P.
	and Weiss, R. and Dubourg, V. and Vanderplas, J. and Passos, A. and
	Cournapeau, D. and Brucher, M. and Perrot, M. and Duchesnay, E.},
	journal={Journal of Machine Learning Research},
	volume={12},
	pages={2825--2830},
	year={2011}
}

@ARTICLE{stolarz2022learningbased,
  author={Micha{\l} Stolarz and Alex Mitrevski and Mohammad Wasil and Paul G. Pl{\"o}ger},
  journal={IEEE Transactions on Robotics}, 
  title={{Learning-Based Personalisation of Robot Behaviour for Assistive Robotics}}, 
  year={2022}}
  
  @article{del2022learning,
  title={Learning on the Job: Long-Term Behavioural Adaptation in Human-Robot Interactions},
  author={Del Duchetto, Francesco and Hanheide, Marc},
  journal={IEEE Robotics and Automation Letters},
  year={2022},
  publisher={IEEE}
}
